@article{midtgaard2012control,
  title={Control-Flow Analysis of Functional Programs},
  author={Midtgaard, Jan},
  journal={ACM Computing Surveys (CSUR)},
  volume={44},
  number={3},
  pages={10},
  year={2012},
  publisher={ACM}
}

@phdthesis{shivers1991control,
  title={Control-Flow Analysis of Higher-order Languages},
  author={Shivers, Olin},
  year={1991},
  school={Citeseer}
}

@inproceedings{vardoulakis2010cfa2,
  title={{CFA2}: a context-free approach to control-flow analysis},
  author={Vardoulakis, Dimitrios and Shivers, Olin},
  booktitle={European Symposium on Programming},
  pages={570--589},
  year={2010},
  organization={Springer}
}

@inproceedings{van2010abstracting,
  title={Abstracting Abstract Machines},
  author={Van Horn, David and Might, Matthew},
  booktitle={ACM Sigplan Notices},
  volume={45},
  number={9},
  pages={51--62},
  year={2010},
  organization={ACM}
}

@article{earl2010pushdown,
  title={Pushdown control-flow analysis of higher-order programs},
  author={Earl, Christopher and Might, Matthew and Van Horn, David},
  journal={arXiv preprint arXiv:1007.4268},
  year={2010}
}

@inproceedings{earl2012introspective,
  title={Introspective pushdown analysis of higher-order programs},
  author={Earl, Christopher and Sergey, Ilya and Might, Matthew and Van Horn, David},
  booktitle={ACM SIGPLAN Notices},
  volume={47},
  number={9},
  pages={177--188},
  year={2012},
  organization={ACM}
}

@article{johnson2015abstracting,
  title={Abstracting Abstract Control},
  author={Johnson, James Ian and Van Horn, David},
  journal={ACM SIGPLAN Notices},
  volume={50},
  number={2},
  pages={11--22},
  year={2015},
  publisher={ACM}
}

@inproceedings{gilray2016pushdown,
  title={Pushdown control-flow analysis for free},
  author={Gilray, Thomas and Lyde, Steven and Adams, Michael D and Might, Matthew and Van Horn, David},
  booktitle={ACM SIGPLAN Notices},
  volume={51},
  number={1},
  pages={691--704},
  year={2016},
  organization={ACM}
}

@inproceedings{felleisen1987calculus,
  title={A calculus for assignments in higher-order languages},
  author={Felleisen, Mattias and Friedman, Daniel P},
  booktitle={Proceedings of the 14th ACM SIGACT-SIGPLAN symposium on Principles of programming languages},
  pages={314},
  year={1987},
  organization={ACM}
}

@inproceedings{sridharan2012correlation,
  title={Correlation tracking for points-to analysis of JavaScript},
  author={Sridharan, Manu and Dolby, Julian and Chandra, Satish and Sch{\"a}fer, Max and Tip, Frank},
  booktitle={European Conference on Object-Oriented Programming},
  pages={435--458},
  year={2012},
  organization={Springer}
}

@inproceedings{might2006improving,
  title={Improving flow analyses via $\Gamma$CFA: abstract garbage collection and counting},
  author={Might, Matthew and Shivers, Olin},
  booktitle={ACM SIGPLAN Notices},
  volume={41},
  number={9},
  pages={13--25},
  year={2006},
  organization={ACM}
}

@inproceedings{cousot1977abstract,
  title={Abstract interpretation: a unified lattice model for static analysis of programs by construction or approximation of fixpoints},
  author={Cousot, Patrick and Cousot, Radhia},
  booktitle={Proceedings of the 4th ACM SIGACT-SIGPLAN symposium on Principles of programming languages},
  pages={238--252},
  year={1977},
  organization={ACM}
}

@online{sunspider,
  author = {WebKit Open Source Project},
  title = {{SunSpider JavaScript} benchmark},
  year = {2011},
  url = {https://webkit.org/perf/sunspider/sunspider.html},
  urldate = {2011-02-15}
}

@inproceedings{kashyap2014jsai,
  title={JSAI: a static analysis platform for JavaScript},
  author={Kashyap, Vineeth and Dewey, Kyle and Kuefner, Ethan A and Wagner, John and Gibbons, Kevin and Sarracino, John and Wiedermann, Ben and Hardekopf, Ben},
  booktitle={Proceedings of the 22nd ACM SIGSOFT International Symposium on Foundations of Software Engineering},
  pages={121--132},
  year={2014},
  organization={ACM}
}

@inproceedings{flanagan1993essence,
  title={The essence of compiling with continuations},
  author={Flanagan, Cormac and Sabry, Amr and Duba, Bruce F and Felleisen, Matthias},
  booktitle={ACM Sigplan Notices},
  volume={28},
  number={6},
  pages={237--247},
  year={1993},
  organization={ACM}
}

@inproceedings{reps1995precise,
  title={Precise interprocedural dataflow analysis via graph reachability},
  author={Reps, Thomas and Horwitz, Susan and Sagiv, Mooly},
  booktitle={Proceedings of the 22nd ACM SIGPLAN-SIGACT symposium on Principles of programming languages},
  pages={49--61},
  year={1995},
  organization={ACM}
}

@article{sagiv1996precise,
  title={Precise interprocedural dataflow analysis with applications to constant propagation},
  author={Sagiv, Mooly and Reps, Thomas and Horwitz, Susan},
  journal={Theoretical Computer Science},
  volume={167},
  number={1},
  pages={131--170},
  year={1996},
  publisher={Elsevier}
}

@inproceedings{smaragdakis2011pick,
  title={Pick your contexts well: understanding object-sensitivity},
  author={Smaragdakis, Yannis and Bravenboer, Martin and Lhot{\'a}k, Ondrej},
  booktitle={ACM SIGPLAN Notices},
  volume={46},
  number={1},
  pages={17--30},
  year={2011},
  organization={ACM}
}

@inproceedings{agesen1995cartesian,
  title={The cartesian product algorithm},
  author={Agesen, Ole},
  booktitle={European Conference on Object-Oriented Programming},
  pages={2--26},
  year={1995},
  organization={Springer}
}

@inproceedings{lhotak2003scaling,
  title={Scaling Java points-to analysis using Spark},
  author={Lhot{\'a}k, Ond{\v{r}}ej and Hendren, Laurie},
  booktitle={International Conference on Compiler Construction},
  pages={153--169},
  year={2003},
  organization={Springer}
}

@inproceedings{danvy2001defunctionalization,
  title={Defunctionalization at work},
  author={Danvy, Olivier and Nielsen, Lasse R},
  booktitle={Proceedings of the 3rd ACM SIGPLAN international conference on Principles and practice of declarative programming},
  pages={162--174},
  year={2001},
  organization={ACM}
}

@inproceedings{danvy2008defunctionalized,
  title={Defunctionalized interpreters for programming languages},
  author={Danvy, Olivier},
  booktitle={ACM Sigplan Notices},
  volume={43},
  number={9},
  pages={131--142},
  year={2008},
  organization={ACM}
}

@article{johnson2013optimizing,
  title={Optimizing abstract abstract machines},
  author={Johnson, J Ian and Labich, Nicholas and Might, Matthew and Van Horn, David},
  journal={ACM SIGPLAN Notices},
  volume={48},
  number={9},
  pages={443--454},
  year={2013},
  publisher={ACM}
}

@article{milanova2005parameterized,
  title={Parameterized object sensitivity for points-to analysis for Java},
  author={Milanova, Ana and Rountev, Atanas and Ryder, Barbara G},
  journal={ACM Transactions on Software Engineering and Methodology (TOSEM)},
  volume={14},
  number={1},
  pages={1--41},
  year={2005},
  publisher={ACM}
}

@article{gilrayallocation,
  title={Allocation Characterizes Polyvariance},
  author={Gilray, Thomas and Adams, Michael D and Might, Matthew}
}

@article{johnson2013optimizing,
  title={Optimizing abstract abstract machines},
  author={Johnson, J Ian and Labich, Nicholas and Might, Matthew and Van Horn, David},
  journal={ACM SIGPLAN Notices},
  volume={48},
  number={9},
  pages={443--454},
  year={2013},
  publisher={ACM}
}

@inproceedings{johnson2013concrete,
  title={Concrete semantics for pushdown analysis: The essence of summarization},
  author={Johnson, J Ian and Van Horn, David},
  booktitle={HOPA 2013: Workshop on higher-order program analysis},
  year={2013}
}

@inproceedings{guha2010essence,
  title={The essence of JavaScript},
  author={Guha, Arjun and Saftoiu, Claudiu and Krishnamurthi, Shriram},
  booktitle={European Conference on Object-Oriented Programming},
  pages={126--150},
  year={2010},
  organization={Springer}
}
